<record><leader>00000cas a22000007a 4500</leader><controlfield tag="001">20643446</controlfield><controlfield tag="008">891114d19681978mduwr ne      0    0eng d</controlfield><datafield ind1=" " ind2=" " tag="010"><subfield code="a">sn 89060307 </subfield></datafield><datafield ind1=" " ind2=" " tag="040"><subfield code="a">MFN</subfield><subfield code="b">eng</subfield><subfield code="c">MFN</subfield><subfield code="d">NSD</subfield><subfield code="d">OCLCQ</subfield></datafield><datafield ind1=" " ind2=" " tag="042"><subfield code="a">msc</subfield></datafield><datafield ind1="0" ind2="4" tag="245"><subfield code="a">The community times and community news-Baltimore countian.</subfield></datafield><datafield ind1=" " ind2=" " tag="260"><subfield code="a">Randallstown, Md. :</subfield><subfield code="b">Stromberg Pub.</subfield></datafield><datafield ind1=" " ind2=" " tag="300"><subfield code="a">v.</subfield></datafield><datafield ind1=" " ind2=" " tag="310"><subfield code="a">Weekly</subfield></datafield><datafield ind1="0" ind2=" " tag="362"><subfield code="a">Vol. 38, no. 32 (Apr. 4, 1968)-v. 45, no. 21 (Jan. 12, 1978).</subfield></datafield><datafield ind1=" " ind2=" " tag="752"><subfield code="a">United States</subfield><subfield code="b">Maryland</subfield><subfield code="c">Baltimore</subfield><subfield code="d">Randallstown.</subfield></datafield><datafield ind1="0" ind2="0" tag="780"><subfield code="t">Community news and Baltimore countian</subfield><subfield code="w">(DLC)sn 89060309</subfield></datafield><datafield ind1="0" ind2="0" tag="785"><subfield code="t">Community times (Randallstown, Md.)</subfield><subfield code="x">1050-7663</subfield><subfield code="w">(DLC)sn 89060306</subfield></datafield></record>